@misc{a2014_vuejs,
    title = {Vue.js - The Progressive JavaScript Framework },
    url = {https://vuejs.org/},
    urldate = {2025-01-22},
    organization = {Vuejs.org}
}

@misc{vuetify,
    title = {Vuetify — A Material Design Framework for Vue.js},
    url = {https://vuetifyjs.com/en/},
    organization = {Vuetify}
}

@misc{nx,
    title = {Nx: Smart, Fast and Extensible Build System},
    url = {https://nx.dev/},
    urldate = {2025-01-22},
    organization = {Nx}
}

@misc{pinia,
    title = {Pinia - The intuitive store for Vue.js},
    url = {https://pinia.vuejs.org/},
    urldate = {2025-01-22},
    organization = {pinia.vuejs.org}
}

@misc{nestjs,
    title = {NestJS - A progressive Node.js framework},
    url = {https://nestjs.com/},
    urldate = {2025-01-22},
    organization = {NestJS}
}

@misc{a2024_enterprise,
    title = {Docker - Enterprise Application Container Platform},
    url = {https://www.docker.com/},
    urldate = {2025-01-22},
    organization = {Docker}
}

@misc{gonalves_2024_github,
    author = {Gonçalves, Hugo},
    title = {GitHub - 2100562/PWA-ProjetoFinal: Plataforma de Questionários - Projeto final de Programação Web Avançada 2024},
    url = {https://github.com/2100562/PWA-ProjetoFinal/},
    urldate = {2025-01-22},
    organization = {GitHub}
}

@misc{mongodb_2019_the,
    author = {MongoDB},
    title = {MongoDB - The most popular database for modern apps},
    url = {https://www.mongodb.com},
    urldate = {2025-01-22},
    organization = {MongoDB}
}